@Article{GrootNibbelink:2004za,
     author    = "Groot Nibbelink, Stefan and Pospelov, Maxim",
     title     = "Lorentz violation in supersymmetric field theories",
     year      = "2004",
     eprint    = "hep-ph/0404271",
     SLACcitation  = "%%CITATION = HEP-PH 0404271;%%"
}
